@misc(zigbee,
    author="{ZigBee Alliance}",
    title="{Understanding ZigBee RF4CE}",
    year="2009",
    month="July",
    url="Available www.zigbeen.org/Specifications/ZigBeeRF4CE/Overview.aspx"
)


@misc(afnetworking,
    author="Matt Thompson",
    title="{Getting Started With AFNetworking}",
    year="2011",
    url="http://github.com/AFNetworking/AFNetworking/wiki/Getting-Started-withAFNetworking"
    )




